@online
  {berkeley-2023-11,
   organization = {Berkeley Extension},
   title        = {11 Most In-Demand Programming Languages},
   url          = {https://bootcamp.berkeley.edu/blog/most-in-demand-programming-languages},
   urldate      = {2023-05-05}}

@article
  {buse-2009-learning,
   author       = {Buse, Raymond P. L. and Weimer, Westley R.},
   title        = {Learning a Metric for Code Readability},
   journaltitle = {IEEE Transactions on Software Engineering},
   publisher    = {IEEE},
   year         = {2009},
   volume       = {36},
   number       = {4},
   pages        = {546--558},
   doi          = {10.1109/TSE.2009.70}}

@online
  {github-2017-tree,
   organization = {GitHub},
   title        = {Tree-sitter},
   subtitle     = {a new parsing system for programming tools - GitHub Universe
                   2017},
   year         = {2017},
   note         = {1 vídeo (43 min)},
   url          = {https://youtu.be/a1rC79DHpmY},
   urldate      = {2023-04-30}}

@online
  {goel-2023-how,
   author  = {Goel, Aman},
   title   = {How to Learn JavaScript in 2023 | 8 Best Ways For Beginners},
   url     = {https://hackr.io/blog/how-to-learn-javascript},
   urldate = {2023-05-04}}

@article
  {harris-1956-keyboard,
   author       = {Harris, R. W.},
   title        = {Keyboard Standardization},
   journaltitle = {Western Union Technical Review},
   year         = {1956},
   volume       = {10},
   number       = {1},
   pages        = {37--42}}

@article
  {mccarthy-1960-recursive,
   author       = {McCarthy, John},
   title        = {Recursive Functions of Symbolic Expressions and Their
                   Computation by Machine, Part {I}},
   journaltitle = {Communications of the ACM},
   date         = {1960-04-01},
   volume       = {3},
   number       = {4},
   pages        = {184--195},
   doi          = {10.1145/367177.367199}}

@online
  {neovim-2014-hyperextensible,
   organization = {Neovim},
   title        = {hyperextensible Vim-based text editor},
   version      = {0.9.0},
   url          = {https://neovim.io/},
   urldate      = {2023-05-07}}

@online
  {nvim-treesitter-2023-nvim,
   organization = {nvim-treesitter},
   title        = {Nvim Treesitter configurations and abstraction layer},
   version      = {0.9.0},
   url          = {https://github.com/nvim-treesitter/nvim-treesitter},
   urldate      = {2023-05-07}}

@inproceedings
  {oliveira-2020-evaluating,
   author       = {Oliveira, Delano
               and Bruno, Reydne
               and Madeiral, Fernanda
               and Castor, Fernando},
   title        = {Evaluating Code Readability and Legibility},
   subtitle     = {An Examination of Human-centric Studies},
   booktitle    = {2020 IEEE International Conference on Software Maintenance
                   and Evolution (ICSME)},
   year         = {2020},
   organization = {IEEE},
   doi          = {10.1109/icsme46990.2020.00041}}

@online
  {silva-2023-witch,
   author   = {Silva, Átila Gama},
   title    = {Witch Cooking},
   subtitle = {Experimental multilingual code formatter based on Tree-Sitter's
               query},
   url      = {https://github.com/atchim/witch-cooking},
   urldate  = {2023-04-27}}

@online
  {stack-overflow-2022-stack,
   organization = {Stack Overflow},
   title        = {Stack Overflow Developer Survey},
   year         = {2022},
   url          = {https://survey.stackoverflow.co/2022},
   urldate      = {2023-05-01}}

@online
  {tree-sitter-2018-tree,
   organization = {Tree-Sitter},
   title        = {Tree-Sitter},
   subtitle     = {a parsing system for programming tools},
   version      = {0.20.8},
   url          = {https://tree-sitter.github.io/},
   urldate      = {2023-04-06}}

@online
  {w3schools-2023-javascript,
   organization = {W3Schools},
   title        = {JavaScript Tutorial},
   url          = {https://www.w3schools.com/js},
   urldate      = {2023-05-05}}

@article
  {yelland-2015-rfmt,
   author       = {Yelland, Phillip M.},
   title        = {A New Approach to Optimal Code Formatting},
   journaltitle = {Google Research},
   year         = {2015},
   url          = {https://research.google.com/pubs/archive/44667.pdf},
   urldate      = {2023-04-07}}

%%%%%%%%%%%%%%
% To Be Used %
%%%%%%%%%%%%%%

@online
  {griesemer-2022-the,
   author       = {Griesemer, Robert},
   title        = {The Cultural Evolution of gofmt},
   organization = {Google Research},
   year         = {2022},
   url          = {https://go.dev/talks/2015/gofmt-en.slide},
   urldate      = {2023-05-20}}

##################
# Unused Entries #
##################

@online
  {black-2023-black,
   organization  = {Black},
   title         = {Black},
   subtitle      = {The uncompromising Python code formatter},
   url           = {https://black.readthedocs.io/},
   urlaccessdate = {2023-05-08}}

@online
  {llvm-2023-clang,
   organization = {LLVM},
   title        = {Clang 17.0.0git documentation},
   url          = {https://clang.llvm.org/docs/ClangFormat.html},
   urldate      = {2023-05-15}}

@techreport
  {goldstein-1973-pretty,
   author      = {Goldstein, Ira},
   title       = {Pretty printing},
   subtitle    = {Converting list to linear structure},
   institution = {Massachusetts Institute of Technology},
   year        = {1973},
   month       = {February}}

@online
  {rust-lang-2023-rustfmt,
   organization = {rust-lang},
   title        = {Rustfmt},
   url          = {https://rust-lang.github.io/rustfmt},
   urldate      = {2023-05-15}}